@article{
  title = {A bioinformatics approach to identifying Wolbachia infections in arthropods},
  author = {Pascar J and Chandler CH},
  journal = {PeerJ},
  year    = 2018,
  volume  = 6,
  number  = e5486
}
